% https://mro.massey.ac.nz/bitstream/handle/10179/10977/02_whole.pdf
@mastersthesis{DirectConnect,
  author = {Alex Rowe},
  title = {Motor Control of a Hub Motor for Electric Skateboard Propulsion},
  school = {Massey University},
  year= {2016}
}

% https://repositorio.comillas.edu/jspui/bitstream/11531/5951/1/TFG001443.pdf
@mastersthesis{SpanishModularLongboard,
  author = {Nicolás Triviño Carver},
  title = {MODULAR ELECTRIC LONGBOARD},
  school = {ESCUELA TÉCNICA SUPERIOR DE INGENIERÍA},
  year = {2015}
}

% https://sites.psu.edu/ericpodwojski/files/2017/11/Project-4-Final-Draft-new-18vt0kz.pdf
@misc{BeltConnect,
  author = {Eric Podwojski},
  Title = {How an Electric Skateboard Works},
  publisher = {Penn State University},
  YEAR = {2015}
}

@misc{LessMotor, howpublished = {https://hobbyking.com/en_us/turnigy-aerodrive-sk3-6364-245kv-brushless-outrunner-motor.html}
}

@misc{BigMotor, howpublished = {https://hobbyking.com/en_us/turnigy-aerodrive-sk3-6364-190kv-brushless-outrunner-motor.html}}

@misc{Rock64, howpublished = {https://www.pine64.org/?page_id=7147 }}

@manual{msp430-userguide,
  Title = {MSP430x5xx and MSP430x6xx Family User’s Guide},
  Publisher = “Texas Instruments”,
  Year = 2013,
  Month = “February”
}

@misc{msp430-website,
  Title = {MSP430 Ultra-Low-Power MCUs | Overview | Microcontrollers (MCU) | TI.com}
  Howpublished = {\url{http://www.ti.com/microcontrollers/msp430-ultra-low-power-mcus/overview.html}}
}

@misc{stm32-website,
  Title = {STM32 ARM Cortex Microcontrollers - 32-bit MCUs - STMicroelectronics},
  Howpublished = {\url{https://www.st.com/en/microcontrollers/stm32-32-bit-arm-cortex-mcus.html}}
}

@misc{atmega-website,
  Title = {ATmega328P - 8-bit AVR Microcontrollers - Microcontrollers and Processors},
  Howpublished = {\url{https://www.microchip.com/wwwproducts/en/ATmega328p}} 
}

@misc{alum-prop,
  Title = {Homebuilt Aircarft Info},
  Publisher = “Experimental Aircraft Info”,
  Year = 2006,
  Howpublished = {\url{https://www.experimentalaircraft.info/articles/aircraft-aluminum.php}
}

@misc{alum-matweb,
  Title = {Aluminum 7075-T6; 7075-T651},
  Publisher = “ASM Aerospace Specification Metals Inc”,
  Howpublished = {\url{http://asm.matweb.com/search/SpecificMaterial.asp?bassnum=ma7075t6}
}

@misc{matweb-mats,
  Title = {Search MatWeb for Property Information},
  Publisher = “MatWeb Material Property Data”,
  Year = 1996,
  Howpublished = {\url{http://www.matweb.com/search/search.aspx}
}

@misc{wood-data,
  Title = {Hard Maple},
  Publisher = “The Wood Database”,
  Year = 2008,
  Howpublished = {\url{https://www.wood-database.com/hard-maple/}
}

